@article{moore1965cramming,
    author  = {Moore, G.E.},
    title   = {Cramming more components onto integrated circuits},
    year    = {1965},
    url     = {http://cva.stanford.edu/classes/cs99s/papers/moore-crammingmorecomponents.pdf},
    urldate = {2024-11-14}
}

@article{roser2024moore,
    author  = {Roser, M., Ritchie, H. and Mathieu, E.},
    title   = {What is Mooreâ€™s law?},
    year    = {2024},
    url     = {https://ourworldindata.org/moores-law},
    urldate = {2024-11-14}
}

@article{zhou2020quantum,
    author  = {Zhou, Boyu},
    title   = {Quantum Error Correction Codes}, 
    year    = {2020},
    url     = {https://wp.optics.arizona.edu/opti646/wp-content/uploads/sites/55/2020/12/QECC_Boyu_Zhou.pdf},
    urldate = {2024-11-14}
}

@article{moore2006interview,
    author = {Computer History Museum, Youtube},
    title = {Moore's Law 40th Anniversary with Gordon Moore},
    year = {2006},
    url = {https://www.youtube.com/watch?v=MH6jUSjpr-Q},
    urldate = {2024-11-14}
}