@article{zhou2020quantum,
    author  = {Zhou, Boyu},
    title   = {Quantum Error Correction Codes}, 
    year    = {2020},
    url     = {https://wp.optics.arizona.edu/opti646/wp-content/uploads/sites/55/2020/12/QECC_Boyu_Zhou.pdf},
    urldate = {2024-11-14},
    breakurl = true
}

@article{jaber2020mvl,
    author = {Jaber, R. A.},
    title = {Multiple-valued Logic Circuit Design and Data Transmission Intended for Embedded Systems},
    journal = {ResearchGate},
    year = {2020},
    url = {https://www.researchgate.net/publication/350963715_Multiple-Valued_Logic_Circuit_Design_and_Data_Transmission_Intended_for_Embedded_Systems},
    urldate = {2024-11-17},
    breakurl = true
}

@article{bellard2005qemu,
    author = {Bellard, F.},
    title = {QEMU, a fast and portable dynamic translator},
    journal = {USENIX Annual Technical Conference},
    year = {2005},
    url = {https://www.usenix.org/legacy/event/usenix05/tech/freenix/full_papers/bellard/bellard.pdf},
    urldate = {2024-11-17},
    breakurl = true
}

@article{moore1965cramming,
    author  = {Moore, G.E.},
    title   = {Cramming more components onto integrated circuits},
    year    = {1965},
    url     = {http://cva.stanford.edu/classes/cs99s/papers/moore-crammingmorecomponents.pdf},
    urldate = {2024-11-14}
}

@article{roser2024moore,
    author  = {Roser, M., Ritchie, H. and Mathieu, E.},
    title   = {What is Moore’s law?},
    year    = {2024},
    url     = {https://ourworldindata.org/moores-law},
    urldate = {2024-11-14}
}

@article{moore2006interview,
    author = {Computer History Museum, Youtube},
    title = {Moore's Law 40th Anniversary with Gordon Moore},
    year = {2006},
    url = {https://www.youtube.com/watch?v=MH6jUSjpr-Q},
    urldate = {2024-11-14}
}

@article{duret2019ternaryALU,
    author = {Duret-Robert, L.},
    title = {CMOS Implementation and Analysis of Ternary Arithmetic Logic Unit},
    year = {2019},
    url = {https://louis-dr.github.io/ternalu3.html},
    urldate = {2024-11-17}
}

@article{hurst1984mvl,
    author = {Hurst, S. L.},
    title = {Multiple-valued logic—its status and its future},
    journal = {IEEE Transactions on Computers},
    year = {1984},
    url = {https://ieeexplore.ieee.org/document/1676392},
    urldate = {2024-11-17}
}

@article{heily2020gameboy,
    author = {Heily, M.},
    title = {Hello, GBA! Journey of Making an Emulator - Part 1},
    journal = {Medium},
    year = {2020},
    url = {https://medium.com/@michelheily/hello-gba-journey-of-making-an-emulator-part-1-8793000e8606},
    urldate = {2024-11-17}
}

@article{ganapathy1996k5,
    author = {Ganapathy, G.},
    title = {Hardware emulation for functional verification of K5},
    journal = {ACM Digital Library},
    year = {1996},
    url = {https://dl.acm.org/doi/pdf/10.1145/240518.240578},
    urldate = {2024-11-17}
}