@article{zhou2020quantum,
    author  = {Zhou, Boyu},
    title   = {Quantum Error Correction Codes}, 
    year    = {2020}
}

@article{jaber2020mvl,
    author = {Jaber, R. A.},
    title = {Multiple-valued Logic Circuit Design and Data Transmission Intended for Embedded Systems},
    journal = {ResearchGate},
    year = {2020},
}

@article{bellard2005qemu,
    author = {Bellard, F.},
    title = {QEMU, a fast and portable dynamic translator},
    journal = {USENIX Annual Technical Conference},
    year = {2005}
}

@article{moore1965cramming,
    author  = {Moore, G.E.},
    title   = {Cramming more components onto integrated circuits},
    year    = {1965}
}

@article{roser2024moore,
    author  = {Roser, M., Ritchie, H. and Mathieu, E.},
    title   = {What is Moore’s law?},
    year    = {2024}
}

@article{moore2006interview,
    author = {Computer History Museum, Youtube},
    title = {Moore's Law 40th Anniversary with Gordon Moore},
    year = {2006}
}

@article{duret2019ternaryALU,
    author = {Duret-Robert, L.},
    title = {CMOS Implementation and Analysis of Ternary Arithmetic Logic Unit},
    year = {2019}
}

@article{hurst1984mvl,
    author = {Hurst, S. L.},
    title = {Multiple-valued logic—its status and its future},
    journal = {IEEE Transactions on Computers},
    year = {1984}
}

@article{heily2020gameboy,
    author = {Heily, M.},
    title = {Hello, GBA! Journey of Making an Emulator - Part 1},
    journal = {Medium},
    year = {2020}
}

@article{ganapathy1996k5,
    author = {Ganapathy, G.},
    title = {Hardware emulation for functional verification of K5},
    journal = {ACM Digital Library},
    year = {1996} 
}

@article{hamming1950error,
    author = {Hamming, R. W.},
    title = {Error detecting and error correcting codes},
    journal = {Bell System Technical Journal},
    year = {1950}
}